2705 3916
422 670 725 717 ACADEMIAE
765 667 1229 714 VRATISLAWENSIS
1268 667 1461 713 RECTOR
1500 668 1561 713 ET
1603 667 1830 712 SENATVS

1045 761 1075 796 S.
1100 761 1135 796 P.
1161 760 1198 796 D.

740 892 1148 956 ACADEMIAE
1177 881 1500 955 OENENSIS

503 1047 819 1093 PRORECTORI
846 1048 1132 1093 mGMFICO
1161 1048 1222 1093 ET
1251 1047 1470 1093 SENATW
1498 1046 1743 1092 ILLVSTRI.

51 1377 98 1440 Si
123 1396 195 1434 ulla
218 1394 330 1433 hodie
353 1407 414 1433 res
438 1399 509 1444 est,
533 1393 579 1432 de
603 1406 674 1445 qua
699 1393 869 1432 Germani
895 1394 1139 1432 communiter
1161 1393 1328 1444 gaudere
1352 1393 1562 1443 possimus,
1595 1396 1696 1429 certe
1727 1391 1928 1429 litterarum
1959 1390 2077 1427 studia
2110 1395 2197 1426 sunt

50 1469 334 1519 studiorumque
345 1469 461 1520 gratia
479 1469 670 1506 institutae
688 1468 809 1505 omnis
820 1468 973 1518 generis
993 1466 1144 1504 scholae
1155 1466 1333 1517 plurimae
1354 1470 1390 1502 et
1407 1465 1571 1502 illustres
1583 1463 1818 1509 Academiae,
1841 1463 1976 1513 quibus
1995 1462 2196 1499 laetissime

52 1541 272 1580 florentibus
302 1543 383 1579 iure
412 1546 542 1579 nostro
574 1540 683 1579 nobis
715 1546 751 1578 et
781 1539 949 1591 gaudere
980 1540 1065 1578 licet
1096 1545 1132 1578 et
1162 1540 1326 1590 gloriari.
1382 1538 1504 1589 Atque
1535 1537 1757 1575 Academiae
1786 1535 1934 1586 quidem
1966 1537 2095 1573 merito
2128 1547 2195 1585 pro

50 1615 380 1666 praestantissimis
404 1626 554 1665 semper
576 1615 715 1664 patriae
739 1614 966 1651 ornamentis
989 1612 1133 1650 habitae
1157 1617 1263 1659 suntg
1287 1610 1356 1649 hae
1380 1612 1475 1648 enim
1496 1610 1641 1648 aemulo
1661 1609 1783 1647 studio
1803 1608 1845 1646 ad
1864 1610 2053 1645 veritatem
2074 1621 2196 1658 quae-

37 1682 222 1737 rendam,
256 1687 451 1737 tuendam,
486 1686 763 1738 propagandam
787 1687 1010 1724 coniunctae
1034 1691 1071 1724 et
1093 1698 1159 1737 pro
1184 1698 1226 1724 se
1250 1697 1422 1736 quaeque
1446 1696 1553 1734 quam
1577 1696 1595 1720 a
1619 1682 1818 1720 maioribus
1850 1686 2078 1731 acceperunt
2102 1694 2195 1718 eru-

51 1762 201 1800 ditionis
219 1760 460 1799 hereditatem
479 1773 553 1798 non
574 1759 914 1810 solumrdiligenter
936 1759 1166 1808 custodiunt,
1191 1758 1258 1796 sed
1282 1759 1387 1796 etiam
1407 1770 1472 1794 sua
1492 1758 1595 1807 ipsae
1613 1757 1748 1793 virtute
1767 1767 1908 1805 augere
1932 1760 2042 1805 atque
2061 1766 2196 1791 emen-

51 1835 139 1872 dare
169 1833 341 1878 student;
375 1839 412 1871 et
443 1833 589 1871 custodi
620 1833 670 1870 illi
701 1832 917 1883 Aeschyleo
949 1833 1090 1870 similes
1120 1833 1225 1883 quasi
1257 1833 1291 1869 in
1323 1830 1476 1881 specula
1507 1831 1730 1867 constitutae
1760 1830 2005 1878 sempiternas
2043 1833 2196 1865 strenue

51 1908 191 1958 agitant
213 1905 417 1955 custodias,
450 1907 585 1943 acriter
607 1905 876 1954 observantes,
907 1906 937 1942 si
959 1904 1048 1955 quid
1072 1904 1221 1942 aliunde
1244 1916 1365 1942 novae
1389 1904 1482 1940 lucis
1507 1903 1715 1947 exoriatur3
1750 1901 1913 1951 denique
1936 1900 2113 1951 quidquid
2137 1900 2196 1937 vel

16 2022 24 2032 ⁵
50 1980 190 2017 veteris
213 1978 275 2016 vel
297 1990 418 2016 novae
442 1978 633 2016 doctrinae
651 1978 797 2028 obtigit,
822 1977 857 2015 id
875 1990 984 2015 omne
1003 1989 1076 2015 non
1097 1976 1242 2014 erudito
1267 1975 1425 2027 quodam
1443 1975 1536 2012 fastu
1555 1975 1624 2012 sibi
1643 1973 1733 2011 solis
1753 1978 1916 2022 servant,
1941 1972 2006 2010 sed
2026 1978 2198 2010 accurate

52 2052 311 2100 examinatum,
336 2050 462 2088 sobrie
485 2051 728 2100 aestimatum,
753 2050 953 2101 diligenter
976 2050 1195 2088 illustratum
1215 2049 1362 2087 tradunt
1379 2048 1535 2086 alumnis
1553 2049 1646 2096 suis,
1671 2048 1732 2097 qui
1757 2046 1789 2083 id
1810 2057 1939 2083 rursus
1963 2058 2030 2095 per
2048 2045 2196 2082 scholas

53 2125 215 2175 reliquas
237 2129 273 2161 et
291 2136 358 2174 per
376 2125 495 2161 omnia
515 2123 701 2161 hominum
722 2129 758 2161 et
774 2125 871 2161 vitae
889 2136 1030 2174 genera
1049 2123 1255 2173 divulgant,
1280 2134 1354 2173 quo
1379 2121 1417 2159 fit
1439 2121 1615 2172 denique,
1641 2119 1739 2170 quod
1764 2120 1861 2156 omni
1886 2120 2018 2156 civitati
2043 2119 2197 2155 maxime

53 2197 214 2236 salutare
237 2201 317 2245 est,
349 2202 388 2234 ut
411 2198 446 2234 in
470 2196 684 2234 diversitate
708 2195 894 2234 hominum
918 2197 1128 2246 multiplici,
1164 2208 1245 2233 cum
1276 2207 1344 2245 pro
1376 2195 1560 2244 cuiusque
1583 2193 1642 2230 vel
1667 2192 1791 2230 indole
1813 2192 1872 2229 vel
1898 2192 2041 2229 fortuna
2066 2191 2197 2229 erudi-

52 2271 162 2308 tionis
185 2271 233 2307 sit
255 2268 394 2307 infinita
417 2271 599 2319 varietas,
634 2282 708 2307 non
733 2275 853 2307 tamen
879 2269 1126 2307 dissociabilis
1149 2268 1333 2306 discordia
1357 2269 1515 2315 oriatur,
1549 2266 1615 2304 sed
1648 2266 1854 2303 communis
1886 2264 2030 2315 quidam
2063 2266 2109 2302 sit
2133 2266 2196 2301 in-

52 2344 250 2395 geniorum
275 2348 398 2380 motus
421 2342 465 2380 ab
495 2342 627 2381 eodem
660 2342 721 2380 ille
750 2343 853 2380 fonte
884 2343 1077 2393 profectus
1109 2347 1145 2379 et
1175 2343 1307 2379 civium
1339 2343 1481 2378 animos
1514 2341 1588 2390 pari
1622 2351 1812 2377 consensu
1844 2339 2032 2386 vinciens,
2068 2339 2129 2388 qui
2160 2343 2198 2374 ut

53 2417 152 2454 initia
176 2428 242 2454 sua
265 2417 300 2453 in
324 2415 522 2454 academiis
546 2415 656 2454 habet
678 2421 740 2453 aut
762 2417 796 2453 in
821 2417 886 2465 iis,
921 2428 1016 2466 quos
1041 2416 1124 2454 illae
1156 2416 1428 2463 formaverunt,
1462 2415 1507 2451 ita
1538 2413 1694 2450 dimanat
1724 2412 1893 2462 paulatim
1924 2411 1966 2448 ad
1999 2412 2197 2448 universos

54 2490 189 2527 formas
212 2487 371 2526 induens
395 2487 685 2526 innumerabiles
709 2501 752 2526 ac
774 2493 894 2526 tamen
919 2489 1092 2538 propriae
1117 2494 1269 2526 naturae
1294 2488 1495 2537 ingenitam
1526 2487 1595 2523 vim
1620 2486 1806 2532 retinens,
1843 2485 2008 2521 nimirum
2034 2495 2129 2533 quae
2153 2482 2196 2519 ab

53 2564 155 2601 initio
179 2563 332 2600 scientia
357 2563 423 2600 fuit
446 2562 494 2600 ob
518 2575 694 2601 summam
718 2562 955 2600 subtilitatem
980 2561 1139 2599 obscura
1163 2561 1285 2598 multis
1309 2572 1351 2597 ac
1374 2558 1534 2597 difficilis
1558 2571 1629 2596 nec
1653 2558 1731 2595 fere
1761 2558 1829 2594 nisi
1860 2556 1978 2594 doctis
2008 2557 2095 2593 viris
2125 2568 2196 2605 pa-

54 2642 152 2683 tens,
177 2648 220 2673 ea
242 2635 327 2674 dum
351 2648 418 2686 per
439 2637 538 2674 varia
562 2635 749 2674 hominum
773 2647 915 2686 genera
937 2640 1094 2686 vagatur
1117 2635 1431 2685 ingeniorumque
1450 2632 1613 2669 varietati
1638 2629 1948 2678 accommodatur,
1973 2628 2011 2666 fit
2034 2628 2196 2678 denique

54 2721 251 2748 commune
275 2710 435 2747 omnium
460 2709 597 2747 bonum
621 2721 738 2747 sensu
763 2708 921 2759 quodam
946 2709 1130 2746 communi
1154 2705 1466 2757 comprehensum
1486 2703 1700 2755 publicique
1724 2702 1845 2740 iudicii
1870 2703 2074 2739 constantia
2099 2713 2197 2738 con-

54 2782 247 2820 firmatum.
294 2781 574 2820 Academiarum
597 2794 689 2819 vero
714 2793 810 2832 quae
833 2783 867 2819 in
893 2781 1041 2819 salutari
1066 2780 1127 2818 illo
1152 2780 1388 2830 ingeniorum
1413 2783 1512 2815 motu
1537 2782 1660 2828 partes
1684 2780 1771 2813 sunt
1794 2777 1823 2812 si
1848 2776 1930 2825 quis
1955 2775 2054 2824 parvi
2079 2775 2197 2811 aesti-

54 2854 204 2894 mandas
228 2859 333 2905 putet
355 2860 417 2892 aut
439 2856 545 2892 etiam
570 2855 655 2893 odio
680 2854 812 2892 babeat
835 2860 1015 2905 tamquam
1039 2866 1167 2905 parum
1192 2851 1413 2903 populares,
1447 2863 1515 2888 nae
1546 2852 1577 2888 is
1609 2861 1682 2887 non
1715 2849 1834 2885 levius
1867 2853 1966 2885 erret
1996 2859 2037 2884 ac
2060 2848 2090 2884 si
2115 2849 2197 2897 quis

55 2939 273 2979 magnorum
298 2927 487 2965 fluminum
512 2927 635 2965 fontes
659 2933 858 2978 propterea
882 2939 970 2977 prae
999 2927 1211 2965 fluminibus
1243 2929 1474 2973 contemnat,
1509 2922 1608 2974 quod
1639 2923 1712 2959 sint
1741 2922 1774 2958 in
1807 2920 1992 2958 montibus
2020 2921 2130 2970 positi
2163 2925 2199 2957 et

55 3000 102 3039 ob
125 3001 292 3039 locorum
316 3000 514 3039 arduorum
539 3013 582 3038 ac
605 3001 916 3052 confragosorum
940 3005 1104 3038 naturam
1128 3013 1146 3037 a
1170 2999 1354 3037 communi
1378 3010 1449 3035 usu
1474 2996 1627 3044 seclusi,
1652 2994 1798 3032 ssumina
1823 2999 1942 3031 autem
1968 2998 2005 3030 ut
2028 2995 2062 3030 in
2087 2993 2196 3043 plano

55 3073 288 3112 decurrentia
320 3074 471 3112 brevem
503 3073 705 3124 praebeant
736 3079 772 3111 et
800 3073 942 3111 facilem
968 3072 1279 3123 commodumque
1307 3070 1477 3109 omnibus
1509 3069 1664 3106 aditum:
1704 3073 1840 3117 quanto
1872 3067 2011 3104 rectius
2042 3071 2191 3103 veteres
